@manual{lab12-manual,
    author = {Hui Hu},
    title = {Aerodynamic Force Measurement on an Icing Airfoil},
    year = {2024},
    organization = {Iowa State University},
    url = {https://www.aere.iastate.edu/~huhui/teaching/2024-01S/AerE344/lab-instruction/AerE344L-Lab-12-instruction.pdf},
}